@article{paolini1994netscape,
  title = {Netscape and Sun Announce JavaScript, The Open Cross-Platform Object Scripting language for Enterprise Networks and the Internet},
  author = {Paolini, G},
  journal = {Press Release. Sun Microsystems, Inc},
  year = {1995}
}
@manual{es6,
  url = {http://www.ecma-international.org/ecma-262/6.0/},
  title = {ECMAScript® 2015 Language Specification},
  organization = {{ECMA International}},
  edition = {6},
  month = {Kesäkuu},
  year = {2015}
}
@online{atom,
  url = {https://atom.io/},
  title = {Atom - A hackable text editor for the 21st Century},
  author = {GitHub},
  year = {2015},
  urldate = {2015-09-16}
}
@article{Ahn2014,
 author = {Ahn, Wonsun and Choi, Jiho and Shull, Thomas and Garzar\'{a}n, Mar\'{\i}a J. and Torrellas, Josep},
 title = {Improving JavaScript Performance by Deconstructing the Type System},
 journal = {SIGPLAN Not.},
 issue_date = {June 2014},
 volume = {49},
 number = {6},
 month = jun,
 year = {2014},
 issn = {0362-1340},
 pages = {496--507},
 numpages = {12},
 url = {http://doi.acm.org/10.1145/2666356.2594332},
 doi = {10.1145/2666356.2594332},
 acmid = {2594332},
 publisher = {ACM},
 address = {New York, NY, USA},
 keywords = {JavaScript, dynamic typing, hidden class, inline caching, prototype, scripting language, type specialization},
} 